%%%%%%%%%%%%%%%%%%%%%%%%%%%%%%%%%%%%%%%%%%%%%%%%%%%%%%%%%%%%%%%%%%%%%%%%%%%%%%%%%%%%%%%%%%%%%
%%% A %%%%%%%%%%%%%%%%%%%%%%%%%%%%%%%%%%%%%%%%%%%%%%%%%%%%%%%%%%%%%%%%%%%%%%%%%%%%%%%%%%%%%%%
@misc{a20,
    author = {Dan Ayoub},
    title = {Unleashing the power of AI for education},
    howpublished = {\url{https://www.technologyreview.com/2020/03/04/905535/unleashing-the-power-of-ai-for-education/}},
    year = {2020},
    note = {Último acesso em: 05/12/2020}
}

@article{aa09,
    author = {M. Acikkar and M. F. Akay},
    title = {Support vector machines for predicting the admission decision of a candidate to the School of Physical Education and Sports at Cukurova University},
    journal = {Expert Systems with Applications},
    year = {2009},
    volume = {36},
    pages = {7228-7233},
    note = {https://doi.org/10.1016/j.eswa.2008.09.007}
}

@article{aakso16,
    author = {R. O. Aluko and O. A. Adenuga and P. O. Kukoyi and A. A. Soyingbe and J. O. Oyedeji},
    title = {Predicting the academic success of architecture students by pre-enrolment requirement: Using machine-learning techniques},
    journal = {Construction Economics and Building},
    year = {2016},
    volume = {16},
    number = {4},
    pages = {86-98},
    note = {https://doi.org/10.5130/AJCEB.v16i4.5184}
}

@article{acw13,
    author = {C. Andris and D. Cowen and J. Wittenbach},
    title = {Support vector machine for spatial variation},
    journal = {Transactions in GIS},
    year = {2013},
    volume = {17},
    number = {1},
    pages = {41-61},
    note = {https://doi.org/10.1111/j.1467-9671.2012.01354.x}
}

@article{ah14,
    author = {R. Alkhasawneh and R. H. Hargraves},
    title = {Developing a hybrid model to predict student first year retention in STEM disciplines using machine learning techniques},
    journal = {Journal of STEM Education: Innovations \& Research},
    year = {2014},
    volume = {15},
    number = {3},
    pages = {35-42},
    note = {https://core.ac.uk/download/pdf/51289621.pdf}
}

%%%%%%%%%%%%%%%%%%%%%%%%%%%%%%%%%%%%%%%%%%%%%%%%%%%%%%%%%%%%%%%%%%%%%%%%%%%%%%%%%%%%%%%%%%%%%
%%% B %%%%%%%%%%%%%%%%%%%%%%%%%%%%%%%%%%%%%%%%%%%%%%%%%%%%%%%%%%%%%%%%%%%%%%%%%%%%%%%%%%%%%%%
@article{b17,
    author = {I. D. Babi\'{c}},
    title = {Machine learning methods in predicting the student academic motivation},
    journal = {Croatian Operational Research Review},
    year = {2017},
    volume = {8},
    number = {2},
    pages = {443-461},
    note = {https://doi.org/10.17535/crorr.2017.0028}
}

%%%%%%%%%%%%%%%%%%%%%%%%%%%%%%%%%%%%%%%%%%%%%%%%%%%%%%%%%%%%%%%%%%%%%%%%%%%%%%%%%%%%%%%%%%%%%
%%% K %%%%%%%%%%%%%%%%%%%%%%%%%%%%%%%%%%%%%%%%%%%%%%%%%%%%%%%%%%%%%%%%%%%%%%%%%%%%%%%%%%%%%%%
@misc{k20,
    author = {Vitaly Kuprenko},
    title = {Artificial Intelligence in Education: Benefits, Challenges, and Use Cases},
    howpublished = {\url{https://medium.com/towards-artificial-intelligence/artificial-intelligence-in-education-benefits-challenges-and-use-cases-db52d8921f7a}},
    year = {2020},
    note = {Último acesso em: 05/12/20}
}

@article{ksgs13,
    author = {A. A. Kardan and H. Sadeghi and S. S. Ghidary and M. R. F. Sani},
    title = {Prediction of student course selection in online higher education institutes using neural network},
    journal = {Computer and Education},
    year = {2013},
    volume = {65},
    pages = {1-11},
    note = {https://doi.org/10.1016/j.compedu.2013.01.015}
}

%%%%%%%%%%%%%%%%%%%%%%%%%%%%%%%%%%%%%%%%%%%%%%%%%%%%%%%%%%%%%%%%%%%%%%%%%%%%%%%%%%%%%%%%%%%%%
%%% L %%%%%%%%%%%%%%%%%%%%%%%%%%%%%%%%%%%%%%%%%%%%%%%%%%%%%%%%%%%%%%%%%%%%%%%%%%%%%%%%%%%%%%%
@article{ldrr19,
    author = {Francisco-Javier Hinojo-Lucena and Inmaculada Aznar-D\'{i}az and Mar\'{i}a-Pilar C\'{a}ceres-Reche and Jos\'{e}-Mar\'{i}a Romero-Rodr\'{i}guez},
    title = {Artificial Intelligence in Higher Education: A Bibliometric Study on its Impact in the Scientific Literature},
    journal = {Education Sciences},
    year = {2019},
    volume = {9},
    number = {51}
}

@misc{l22,
    title = {The Amazing Engineering behind the Cleaning Robots!},
    author = {Lescis},
    howpublished = {\url{https://www.youtube.com/watch?v=hoY2YxLGV98}},
    year = {2022},
    note = {Último acesso: 19/07/22}
}

%%%%%%%%%%%%%%%%%%%%%%%%%%%%%%%%%%%%%%%%%%%%%%%%%%%%%%%%%%%%%%%%%%%%%%%%%%%%%%%%%%%%%%%%%%%%%
%%% M %%%%%%%%%%%%%%%%%%%%%%%%%%%%%%%%%%%%%%%%%%%%%%%%%%%%%%%%%%%%%%%%%%%%%%%%%%%%%%%%%%%%%%%
@book{m97,
    author = {Tom M. Mitchell},
    title = {Machine Learning},
    publisher = {McGraw-Hill Science/Engineering/Math},
    year = {1997},
    month = {March},
    note = {ISBN: 0070428077}
}

@misc{m20,
    title = {New IDC report shows big opportunities to transform higher education through AI},
    author = {Microsoft Education Team},
    howpublished = {\url{https://educationblog.microsoft.com/en-us/2020/03/new-report-shows-big-opportunities-to-transform-higher-education-through-ai}},
    year = {2020},
    note = {Último acesso: 04/12/2020}
}

@inproceedings{mtv19,
    author = {Garima Malik and Devendra Kumar Tayal and Sonakshi Vij},
    title = {An Analysis of the Role of Artificial Intelligence in Education and Teaching},
    booktitle = {Recent Findings in Intelligent Computing Techniques},
    publisher = {Springer Singapore},
    editor = {Pankaj Kumar Sa and Sambit Bakshi and Ioannis K. Hatzilygeroudis and Manmath Narayan Sahoo},
    year = {2019},
    pages = {407-417}
}

%%%%%%%%%%%%%%%%%%%%%%%%%%%%%%%%%%%%%%%%%%%%%%%%%%%%%%%%%%%%%%%%%%%%%%%%%%%%%%%%%%%%%%%%%%%%%
%%% P %%%%%%%%%%%%%%%%%%%%%%%%%%%%%%%%%%%%%%%%%%%%%%%%%%%%%%%%%%%%%%%%%%%%%%%%%%%%%%%%%%%%%%%
@inproceedings{psrv19,
  title = {Artificial intelligence in education : challenges and opportunities for sustainable development},
  author = {Francesc Pedr\'{o} and Miguel Subosa and Axel Rivas and Paula Valverde},
  year = {2019},
  publisher = {UNESCO},
  address = {Paris}
}

%%%%%%%%%%%%%%%%%%%%%%%%%%%%%%%%%%%%%%%%%%%%%%%%%%%%%%%%%%%%%%%%%%%%%%%%%%%%%%%%%%%%%%%%%%%%%
%%% R %%%%%%%%%%%%%%%%%%%%%%%%%%%%%%%%%%%%%%%%%%%%%%%%%%%%%%%%%%%%%%%%%%%%%%%%%%%%%%%%%%%%%%%
@misc{r20,
    author = {Susanna Ray},
    title = {High tech for higher ed: An Australian engineering professor revamps student learning with Teams},
    howpublished = {\url{https://news.microsoft.com/features/high-tech-for-higher-ed-an-australian-engineering-professor-revamps-student-learning-with-teams/}},
    year = {2020},
    note = {Último acesso: 05/12/2020}
}

@article{rmbg19,
    author = {Olaf Zawacki-Richter and Victoria I. Mar\'{i}n and Melissa Bond and Franziska Gouverneur},
    title = {Systematic review of research on artificial intelligence applications in higher education – where are the educators?},
    journal = {International Journal of Educational Technology in Higher Education},
    volume = {16},
    year = {2019},
    pages = {1-27},
    note = {http://doi.org/10.1186/s41239-019-0171-0}
}

@book{rn14,
    author = {Stuart Russel and Peter Norvig},
    title = {Intelig\^{e}ncia Artificial},
    publisher = {Elsevier Brasil},
    year = {2014},
    isbn = {8535251413, 9788535251418},
    edition = {3}
}

%%%%%%%%%%%%%%%%%%%%%%%%%%%%%%%%%%%%%%%%%%%%%%%%%%%%%%%%%%%%%%%%%%%%%%%%%%%%%%%%%%%%%%%%%%%%%
%%% S %%%%%%%%%%%%%%%%%%%%%%%%%%%%%%%%%%%%%%%%%%%%%%%%%%%%%%%%%%%%%%%%%%%%%%%%%%%%%%%%%%%%%%%
@misc{s14,
    author = {Dane Perry Svendsen},
    title = {Pathfinding Algorithms},
    howpublished = {\url{https://www.youtube.com/watch?v=X3x7BlLgS-4}},
    year = {2014},
    note = {Último acesso: 30/06/22}
}

%%%%%%%%%%%%%%%%%%%%%%%%%%%%%%%%%%%%%%%%%%%%%%%%%%%%%%%%%%%%%%%%%%%%%%%%%%%%%%%%%%%%%%%%%%%%%
%%% T %%%%%%%%%%%%%%%%%%%%%%%%%%%%%%%%%%%%%%%%%%%%%%%%%%%%%%%%%%%%%%%%%%%%%%%%%%%%%%%%%%%%%%%
@misc{t21,
    author = {Jean Tampon},
    title = {C++ Ants Simulation 3, Maze},
    howpublished = {\url{https://www.youtube.com/watch?v=V1GeNm2D2DU}},
    year = {2021},
    note = {Último acesso: 30/06/22}
}

@misc{true20,
    title = {AI and the Classroom: Machine Learning in Education},
    howpublished = {\url{https://www.trueinteraction.com/ai-and-the-classroom-machine-learning-in-education/}},
    note = {Último acesso em: 05/12/20}
}

@misc{tmp19,
    author = {Two Minute Papers},
    title = {OpenAI Plays Hide and Seek…and Breaks The Game!},
    howpublished = {\url{https://www.youtube.com/watch?v=Lu56xVlZ40M}},
    note = {Último acesso em: 19/07/22}
}

%%%%%%%%%%%%%%%%%%%%%%%%%%%%%%%%%%%%%%%%%%%%%%%%%%%%%%%%%%%%%%%%%%%%%%%%%%%%%%%%%%%%%%%%%%%%%
%%%%%%%%%%%%%%%%%%%%%%%%%%%%%%%%%%%%%%%%%%%%%%%%%%%%%%%%%%%%%%%%%%%%%%%%%%%%%%%%%%%%%%%%%%%%%
%%%%%%%%%%%%%%%%%%%%%%%%%%%%%%%%%%%%%%%%%%%%%%%%%%%%%%%%%%%%%%%%%%%%%%%%%%%%%%%%%%%%%%%%%%%%%
%@article{einstein,
%    author = "{Albert Einstein}",
%    title = "{Zur Elektrodynamik bewegter K{\"o}rper}. ({German}) [{On} the electrodynamics of moving bodies]",
%    journal = "{Annalen der Physik}",
%    volume = "{322}",
%    number = "{10}",
%    pages = "{891--921}",
%    year = {1905},
%    DOI = "{http://dx.doi.org/10.1002/andp.19053221004}"
%}

%@misc{siteufc,
%    author = "{Universidade Federal do Ceará}",
%    title = "{Identidade Visual da UFC}",
%    howpublished = {\url{http://www.ufc.br/}},
%    note = {Online; acessado em 26 de Dezembro de 2020},
%    year={2020},
%}